
@inproceedings{FackeldeyKrauseKrause2010,
        author = {Fackeldey, Konstantin and Krause, Dorian and Krause, Rolf},
        title = {Numerical Validation of Constraints Based Multiscale Methods},
        booktitle = {Proc. Meshfree Methods for Partial Differential Equations V},
        editor = {M. Griebel and M. A. Schweitzer},
        series = {Lecture Notes in Computational Science and Engineering},
        volume = {79},
        pages = {141 -- 154},
        year = {2010}
}

@article{FackeldeyKrauseKrauseLenzen2011,
        author = {Fackeldey, Konstantin and Krause, Dorian and Krause, Rolf and Lenzen, Christoph},
        title = {Coupling Molecular Dynamics and Continua with Weak Constraints},
        publisher = {SIAM},
        year = {2011},
        journal = {Multiscale Modeling \& Simulation},
        volume = {9},
        number = {4},
        pages = {1459 -- 1494}
}

@inproceedings{KrauseKrause2011,
        author = {Krause, Dorian and Krause, Rolf},
        title = {Parallel Scale-Transfer in Multiscale MD-FE Coupling Using Remote Memory Access},
        booktitle = {IEEE 7th International Conference on E-Science, e-Science 2011, Workshop Proceedings, Stockholm, Sweden, December 5 -- 8, 2011},
        year = {2011},
        pages = {66 -- 73},
}

